<?xml version="1.0" encoding="UTF-8"?><collection xmlns="http://www.loc.gov/MARC21/slim"><record><leader>00667nam--2200169-i-4500</leader><controlfield tag="001">000018935</controlfield><controlfield tag="002">20161230</controlfield><controlfield tag="005">20161230201033</controlfield><controlfield tag="008">060222s1000------------r-----000-0-eng-d</controlfield><datafield ind1=" " ind2=" " tag="040"><subfield code="a">IFIN-HH</subfield></datafield><datafield ind1=" " ind2=" " tag="080"><subfield code="a">539.172.3</subfield></datafield><datafield ind1="1" ind2=" " tag="100"><subfield code="a">Feld, Bernard T</subfield></datafield><datafield ind1="1" ind2="0" tag="245"><subfield code="a">Proceedings of the conference on photon interactions in the bev-energy range january 26-30, 1963, held at the laboratory for nuclear science, massachusetts institute of thechnology, cambridge, massachusetts, usa. m.i.t. report no 2</subfield><subfield code="c">Bernard t. feld (ed.)</subfield></datafield><datafield ind1=" " ind2=" " tag="260"><subfield code="a">Cambridge, Massachusetts</subfield><subfield code="b">The M.I.T. Press</subfield><subfield code="c">1965</subfield></datafield><datafield ind1=" " ind2=" " tag="300"><subfield code="a">VI + /PAG. DIF.</subfield></datafield><datafield ind1=" " ind2=" " tag="852"><subfield code="a">24658</subfield><subfield code="c">539.17</subfield></datafield><datafield ind1=" " ind2=" " tag="CAT"><subfield code="a">Sys</subfield><subfield code="c">20120530</subfield><subfield code="h">164425</subfield></datafield></record></collection>